@online{stb-image,
    title = {STB Image Library},
    author = {nothings},
    url = {https://github.com/nothings/stb/blob/master/stb\_image.h}
}

@online{stb-image-write,
    title = {STB Image Write Library},
    author = {nothings},
    url = {https://github.com/nothings/stb/blob/master/stb\_image\_write.h}
}

@electronic{microsoft-mpi,
    title = {Microsoft's MPI Documentation},
    organization = {Microsoft Corporation},
    url = {https://learn.microsoft.com/en-us/message-passing-interface/microsoft-mpi}
}

@electronic{openmp-ref,
    title = {OpenMP Documentation},
    author = {Architecture Review Board OpenMP},
    year = {2019},
    url = {https://www.openmp.org/wp-content/uploads/OpenMPRef-5.0-0519-web.pdf}
}

@electronic{philips-pm5544,
    author = {EBNZ and Philips},
    title = {Philips PM5544 test card},
    url = {https://commons.wikimedia.org/wiki/File:Philips\_PM5544.svg},
    note = {Image available on Wikimedia Commons under the Creative Commons Attribution-ShareAlike 3.0 license}
}

@electronic{gervasi-lezione-2009,
    title = {corso Editoria Elettronica, Lezione 6},
    author = {Gervasi, Osvaldo},
    organization = {University of Pisa},
    url = {http://circe.di.unipi.it/~gervasi/EdE09/Lezione%206.pdf},
    year = {2009}
}

@electronic{nvidia-convolution,
    title = {NVIDIA CUDA convolutionSeparable Documentation},
    author = {Podlozhnyuk, Victor},
    organization = {NVIDIA Corporation},
    year = {2007},
    url = {https://developer.download.nvidia.com/compute/cuda/1.1-Beta/x86\_64\_website/projects/convolutionSeparable/doc/convolutionSeparable.pdf},
}

@electronic{minnaar-convolution-cuda,
    author = {Minnaar, Alex},
    title = {Implementing Convolutions in CUDA},
    year = {2019},
    url = {https://alexminnaar.com/2019/07/12/implementing-convolutions-in-cuda.html},
}

@book{BFRR01,
    author = {Braunl, T. and Feyrer, S. and Rapf, W. and Reinhardt, M.},
    title = {Parallel Image Processing},
    publisher = {Springer},
    year = {2001}
}

@book{GW18,
    author = {Gonzalez, R.C. and Woods, R.E.},
    title = {Digital Image Processing},
    publisher = {Pearson},
    year = {2018}
}
